@article{Lamport1982,
 author = {Lamport, Leslie and Shostak, Robert and Pease, Marshall},
 title = {The Byzantine Generals Problem},
 journal = {ACM Trans. Program. Lang. Syst.},
 issue_date = {July 1982},
 volume = {4},
 number = {3},
 month = jul,
 year = {1982},
 issn = {0164-0925},
 pages = {382--401},
 numpages = {20},
 url = {http://doi.acm.org/10.1145/357172.357176},
 doi = {10.1145/357172.357176},
 acmid = {357176},
 publisher = {ACM},
 address = {New York, NY, USA},
} 

@Article{Johansen2015Fireflies,
	Title                    = {Fireflies: A Secure and Scalable Membership and Gossip Service},
	Author                   = {Johansen, H{\aa}vard D and van Renesse, Robbert and Vigfusson, Ymir and Johansen, Dag},
	Journal                  = {ACM Transactions on Computer Systems (TOCS)},
	Year                     = {2015},
	
	Month                    = may,
	Number                   = {2},
	Pages                    = {5:1--5:32},
	Volume                   = {33},
	
	Articleno                = {5},
	Doi                      = {10.1145/2701418},
	Numpages                 = {32},
	Publisher                = {ACM},
	
}

@techreport{ethereum,
	author = "Dr. Gavin Wood",
	title = "ETHEREUM: A Secure Decentralised Generalised Transaction Ledger",
	year = "2014",
}

@techreport{smartcontracts,
	author = "Loi Luu and Duc-Hiep Chu and Hrishi Olickel and Prateek Saxena and Aquinas Hobor",
	institution = "University of Singapore",
	title = "Making Smart Contracts Smarter",
	year = "2016",
}

@techreport{bitcoin,
	title = "Bitcoin: A Peer-to-Peer Electronic Cash System",
	author = "Satoshi Nakamoto",
	institution = "www.cryptovest.co.uk",
	year = "2008",
}

 @techreport{hashcash,
 	title = "Hashcash: A Denial of Service Counter-Measure",
 	author = "Adam Back",
 	year = "2002",
 }
 
 @techreport{proof-of-work,
 	title = "Pricing via Processing or Combatting Junk Mail",
 	author = "Cynthia Dwork and Moni Naor",
 	institution = "IBM Research Division, Almaden Research Center",
 	year = "1992",
 }
 
  @techreport{stepbystep_smartcontracts,
  	title = "Step by Step Towards Creating a Safe Smart Contract: Lessons and Insights from a Cryptocurrency Lab",
  	author = "Kevin Delmolino and Mitchell Arnett and Ahmed Kosba and Andrew Miller and Elaine Shi",
  	institution = "Department of Computer Science University of Maryland, College Park, Initiative for Cryptocurrencies and Contracts (IC3), Department of Computer Science Cornell University",
  	year = "2015",
  }
  
@misc{ethereum_white_paper,
	title = "Ethereum's white Paper",
	howpublished = "\url{https://github.com/ethereum/wiki/wiki/White-Paper}",
}
   
@techreport{ethereum_solidity,
    title = "Ethereum Foundation - The Solidity contract-oriented programming language",
    address = "https://solidity.readthedocs.io/en/develop/",
    year = "2014",
}
      
@techreport{resource_exhaustion_asttacks,
    author = "Loi Luu and Jason Teutsch and Raghav Kulkarni and Prateek Saxena",
    institution = "University of Singapore",
    title = "Demystifying Incentives in the Consensus Computer",
    year = "2015",
}
    
@techreport{sha,
   	author = "Chaitya B. Shah and Drashti R. Panchal",
   	institution = "Indus Institute of Technology and Engineering, Gujarat Technological University",
   	title = "SECURED HASH ALGORITHM-1: Review Paper",
   	year = "2014",
}

@techreport{fireflies,
	author = "Håvard D. Johansen and Robbert Van Renesse and Ymir Vigfusson and Dag Johansen",
	institution = "UIT The Arctic University of Norway and Cornell University and Emory University and Reykjavik University",
	title = "Fireflies: Asecure and Scalable Membership and Gossip Service",
	year = "2015",
}
	
@techreport{ mitra,
	author = "Aldelir Fernando Luiz and Lau Cheuk Lung and Miguel Correia,",
	title = "MITRA: Byzantine Fault-Tolerant Middleware for Transaction Processing on Replicated Databases",
	institution = "Federal University of Santa Catarina – Brazil, University of Lisboa – IST INESC-ID – Portugal",
	year = "2014",
}
	
@techreport{ hrdb,
	author = "Ben Vandiver and Hari Balakrishnan and Barbara Liskov and Sam Madden",
	title = "Tolerating Byzantine Faults in Transaction Processing Systems using Commit Barrier Scheduling",
	institution = "MIT Computer Science and Artificial Intelligence Lab, Cambridge MA USA",
	year = "2007",
}
	
@techreport{ byzantium,
	author = "Rui Garcia and Rodrigo Rodrigues and Nuno Preguiça",
	title = "Efficient Middleware for Byzantine Fault Tolerant Database Replication",
	institution = "Universidade Nova de Lisboa - Portugal, Kaiserslautern and Saarbrücken - Germany",
	year = "2011",
}

@book{automata,
	author    = "Jeffrey Ullman and John Hopcroft",
	title     = "Introduction to Automata Theory, Languages, and Computation",
	year      = "1979",
	publisher = "Addison-Wesley",
}
@book{merkle_tree,
	author = "Georg Becker",
	title = "Merkle Signature Schemes, Merkle Trees and Their Cryptanalysis",
	year = "2008",
	}

@book{blockchain,
	author = "Melanie Swan",
	title = "Blockchain: Blueprint for a New Economy",
	year = "2015",
	publisher = "O'Reilly Media",
	}

@book{distributed_communication,
	author = "Paul Baran",
	title = "On Distributed Communications: Introduction to Distributed Communication Networks",
	year = "1964",
	publisher = "The Rand Corporation",
	}

@book{cryptography,
	author = "William Stallings",
	title = "Cryptography and Network Security: Principles and Practice",
	year = "1999",
	publisher = "Prentice Hall",
	}

@book{design_pattern,
	author = "Craig Larman",
	title = "Applying UML and patterns",
	year = "1998",
	publisher = "Prentice Hall",}

@book{numerical_analysis,
	author = "Kendall E. Atkinson",
	title = "An Introduction to
	Numerical Analysis (Second edition) ",
	year = "1988",
	publisher = "John Wiley \& Sons ",}

@inbook{reg_ex,
	author = "Alfred Aho and Jeffrey Ullman",
	title = "Foundations of Computer Science",
	year = "1992",
	publisher = "W. H. Freeman",
	chapter = "10: Patterns, Automata, and Regular Expressions",
}

@misc{bitcoinmining_process,
	title = "Bitcoin mining process",
	howpublished = "\url{http://bitcoinminer.com/}",
	year = "2015",
	}

@misc{bitcoinmining,
	title = "Bitcoin website -- Mining",
	howpublished = "\url{https://www.bitcoinmining.com}",
	year = "2016",
}

@misc{ethereum_api,
	title = "Ethereum API's, pyethereum",
	howpublished = "\url{https://github.com/ethereum/pyethereum}",
}

@misc{bitcoin_api,
	title = "Bitcoin API's, api-v1-client-python",
	howpublished = "\url{https://github.com/blockchain/api-v1-client-python}",
}

@misc{ethereum_wiki_patricia_tree,
	title = "Ethereum wiki/Patricia Tree",
	howpublished = "\url{https://github.com/ethereum/wiki/wiki/Patricia-Tree}",
}

@misc{ethereum_blockchain,
	title = "Ethereum's blockchain website",
	howpublished = "\url{https://etherchain.org/}",
	}

@misc{bitcoin_blockchain,
		title = "Bitocoin's blockchain website",
		howpublished = "\url{https://blockchain.info}",}

@misc{ethereum_bc_analysis,
		title = "Ethereum's blockchain analysis website",
		howpublished = "\url{https://etherscan.io}",}
	
@misc{proof-of-work,
	title = "proof of work Wiki",
	howpublished = "\url{https://en.bitcoin.it/wiki/Proof_of_work}",
	year = "2016",
	}
	
@misc{tradeblock,
	title = "tradeblock.com -- analysis on the blockchain",
	howpublished = "\url{https://tradeblock.com}",
	year = "2016",
	}

@misc{ethereum_website,
	title = "Ethereum Project -- website",
	howpublished = "\url{https://www.ethereum.org}",
	year = "2016",
}

@misc{matplotlib,
	title = "Matplotlib for data plotting",
	howpublished = "\url{https://matplotlib.org}",
	}

@misc{scipy,
	title = "Numpy libraries manual -- scipy",
	howpublished = "\url{https://docs.scipy.org/doc/numpy/index.html}",
}

@misc{line_profiler,
	title = "Line profiler and kernprof -- profile python applications",
	howpublished = "\url{https://github.com/rkern/line_profiler}",
}